2467 4150
226 323 274 422 rs
444 299 792 402 HELENA·
830 301 920 406 923·
996 323 999 331 ’

226 459 287 524 Dei
303 473 429 534 numen,
445 469 478 520 et
492 452 642 540 petrirtui
655 452 826 540 religionem
836 452 1005 533 oouiiden,
1019 416 1156 528 utrum,-

228 597 330 676 Deus,
343 611 375 659 et
385 594 437 660 ille
454 609 615 674 mortum,
634 613 683 672 ea,
699 613 780 680 quae
796 591 874 660 suut
884 597 1037 679 aliorum,
1103 621 1106 625 ·

230 737 351 816 Velim,
364 757 405 800 au
418 755 484 802 nou
501 736 596 800 velint
613 733 762 800 reddere:
778 737 928 822 equidem
945 741 1078 804 arbitror

233 877 422 944 Reddimus.
434 875 537 940 Haud
555 875 653 960 igitur
667 893 796 964 oportet
812 895 844 943 te
859 877 948 974 fratri
963 891 1019 945 tuo
1032 880 1105 965 plue

233 1019 390 1084 Tribuere
408 1015 515 1093 stulto,
533 1017 750 1102 potiusquam
765 1017 855 1086 bouo
868 1019 958 1104 patri.
975 1071 979 1078 .

235 1158 272 1226 Si
286 1177 375 1237 vero,
388 1173 474 1222 vater
483 1157 630 1236 existent,
640 1169 673 1220 et
680 1177 781 1224 renem
793 1160 965 1223 divinarum
973 1157 1143 1244 interpres,

132 1387 134 1396 y
170 1305 174 1318 ’
238 1299 390 1384 Juflitiam
402 1299 530 1382 quidem
549 1299 848 1384 pattiscorrumpar,

224 1439 325 1539 'Huic
336 1455 412 1504 vero
428 1459 495 1504 nou
505 1413 591 1520 justo
608 1436 699 1502 fratri
713 1451 766 1504 tuo
780 1437 1016 1526 gratificaberis,

236 1581 348 1666 Turpe
357 1582 477 1664 suerit,
488 1593 517 1642 te
532 1580 641 1642 omnia
656 1578 785 1662 quidem
798 1578 904 1644 divina
918 1566 1123 1666 cognoscere,

236 1721 276 1788 Et
288 1741 334 1816 ep,
351 1739 431 1804 quae
447 1715 527 1796 suot,
537 1731 568 1782 et
580 1737 659 1800 quae
671 1737 737 1782 nou
749 1697 1001 1799 suut,justarero
1010 1719 1150 1787 nescire,

236 1863 294 1930 Me
304 1883 379 1926 vero
396 1857 535 1924 miseram
552 1879 594 1920 ex
611 1857 706 1936 maiis,
723 1857 757 1920 iu
775 1858 890 1942 quibua
904 1859 1016 1939 versor,

188 2055 196 2066 .
237 2003 359 2082 libera,
371 2001 438 2066 ‘hoc
455 1999 585 2084 negotio
598 1997 802 2064 acceffiouem
815 1998 890 2067 daur
903 2023 915 2077 ς

236 2142 349 2209 Nullus
360 2144 437 2207 euim
460 2140 637 2205 mortalium
651 2141 701 2223 est,
715 2142 772 2225 qui
786 2162 852 2205 uon
864 2139 967 2205 oderit
977 2136 1152 2209 Hereum

237 2288 329 2371 Qrte
345 2280 376 2345 iu
394 2280 524 2357 Graecia
541 2265 633 2345 dicor
650 2280 787 2365 prodent
798 2298 904 2343 meum

240 2420 393 2487 Maritum
404 2416 551 2483 habitaffe
571 2419 604 2482 iu
621 2418 772 2503 opulentis
788 2417 914 2482 aedibus
926 2418 1104 2507 Phrygum.

241 2560 342 2649 Qtod
358 2558 423 2621 fiir
437 2556 603 2623 Graeciam
614 2578 745 2635 renero,
759 2574 793 2623 et
807 2556 931 2621 rediero
947 2555 1110 2641 Spartam,

242 2696 425 2775 Audientes,
436 2711 465 2761 et
475 2695 625 2775 ridentes,
640 2698 729 2781 quod
742 2694 799 2781 ipſs
808 2698 939 2795 dearum
951 2696 1031 2761 dolia

241 2838 401 2909 Perieriut,
413 2855 474 2921 ego
485 2854 562 2911 vero
574 2854 638 2900 nou
657 2834 771 2901 fuerim
786 2837 948 2921 proditrix
963 2838 1150 2915 amicorum

240 2976 395 3043 Referent
412 2996 461 3039 me
473 2976 633 3041 iterumiu
644 2994 749 3059 parem
764 2976 926 3060 pudicitiae
937 2978 1081 3043 laudem:

241 3120 280 3186 lit
292 3121 433 3189 dotatam
444 3117 576 3181 elocabo
589 3114 696 3193 filiam,
715 3138 813 3201 quam
826 3118 931 3183 nullus
944 3138 1028 3183 nuuc
1046 3118 1155 3197 ducit2

242 3262 281 3325 Et
297 3259 474 3343 relinquens
485 3259 565 3321 hanc
578 3256 721 3330 acerbam
735 3229 922 3323 erratiouem
938 3254 1002 3333 hic,

242 3400 337 3465 Fruar
348 3397 475 3481 opibus,
487 3416 564 3479 quts
581 3394 668 3459 domi
684 3396 800 3462 habeo·

244 3537 442 3631 Etfiquideru
458 3536 511 3601 hic
524 3538 714 3624 mortuus-iu
726 3536 805 3622 Pyrr
816 3535 1015 3621 comportas
1023 3534 1155 3622 fuisset,
1210 3543 1211 3560 ¹
