2467 4150
246 328 733 410 nnnncnmen
782 331 869 420 460.
957 355 1006 421 ,4

109 489 406 563 Camunnorum
419 483 553 550 amentis
569 482 716 567 inperito
732 482 849 568 spirituo
873 483 1006 548 multam

109 627 198 696 naim
215 627 410 691 dementiam
423 628 513 689 etinnt
524 621 635 690 infelix
646 629 716 709 quie
731 623 950 707 consequatur.

107 771 149 836 C.
169 767 313 844 Osenex,
332 788 372 830 ne
390 785 474 830 nunc
489 765 642 830 ciuitatem
659 767 760 850 eulpa.
783 766 910 832 Fortasse
929 769 1016 830 enirn

37 935 39 938 ·
108 909 210 978 Nobis
221 909 273 972 huc
286 905 402 994 quidun
414 903 584 989 prodesset:
610 899 663 970 sed
679 923 783 970 tamen
797 923 889 990 turpe

107 1051 275 1122 Probrunt
287 1049 459 1132 esset‚quod
472 1045 606 1130 hospites
615 1047 764 1130 supplices
779 1045 1014 1132 prodidiffemuu

108 1193 157 1266 D.
177 1188 340 1256 Generosa
357 1191 485 1272 quidem
496 1187 578 1291 haee
591 1187 710 1255 dixisti;
734 1186 787 1250 sed
803 1209 881 1272 quae
899 1188 967 1252 fieri

107 1331 297 1414 Nequeunt·
324 1329 397 1391 Non
409 1329 485 1392 enim
504 1327 549 1390 tui
568 1326 712 1413 indigent
730 1347 784 1392 ren
799 1329 861 1392 hoc
876 1330 966 1392 ducit

110 1469 311 1540 Exercitum:
336 1469 412 1554 quid
430 1470 511 1536 enim
525 1467 698 1554 Eurystheo
710 1469 788 1534 lucri
801 1469 967 1548 accederet,
982 1485 1014 1536 te

112 1613 255 1678 Homine
272 1609 340 1676 sene
358 1609 508 1676 mortuo?
535 1609 588 1674 sed
600 1612 662 1676 hoe
674 1613 743 1676 vult
757 1610 938 1675 interficere.
1024 1660 1028 1668 ,

109 1751 325 1828 Formidabilit
342 1751 424 1824 enirn
437 1774 485 1815 res
497 1752 537 1832 est
553 1752 1014 1838 hostibus,germirtu1n·ittstar·

112 1893 282 1976 surgentes
295 1893 447 1976 generosi,
471 1889 717 1980 sortesquestsii,
731 1909 763 1958 et
775 1899 869 1977 petrin

113 2031 276 2103 Memoree
289 2035 429 2113 injuriae.
455 2037 544 2123 Qae
556 2035 667 2099 omnia
683 2035 775 2099 illum
792 2049 918 2119 oportet

115 2174 295 2241 Praevidere
312 2172 362 2239 sed
375 2174 398 2237 fi
411 2176 498 2259 quod
516 2174 602 2239 uliud
618 2178 828 2261 opportunius
840 2175 920 2237 nosti

114 2312 303 2391 Consilium,
321 2314 505 2399 hecappnta,
531 2318 605 2403 quia
622 2336 682 2401 ego
700 2312 818 2381 consilii
829 2318 921 2399 inope

116 2449 259 2519 oraculis
276 2459 399 2523 auditur
415 2454 483 2523 sum
495 2472 527 2521 et
546 2474 631 2521 metu
644 2458 765 2543 pleone.

118 2596 168 2663 M.
187 2596 340 2681 Hospita,
364 2598 525 2663 audacium
544 2600 617 2669 mihi
635 2597 747 2662 nullom
759 2598 802 2663 ob
814 2617 920 2661 meum

115 2734 290 2821 Egressum,
308 2740 470 2823 imputate:
500 2740 634 2823 primum
646 2741 725 2803 enim
743 2739 801 2802 hoc
818 2738 1019 2823 deprecabor.

121 2873 249 2940 Mulieri
260 2884 340 2941 enim
358 2852 524 2955 silentium,
551 2895 581 2945 et
600 2880 758 2957 modestia,

120 3014 159 3082 Et
172 3038 296 3082 manere
308 3021 443 3103 quietam
456 3022 487 3082 in
502 3018 639 3093 aedibus,
666 3018 906 3102 pulcherrimum
917 3014 969 3096 est.

118 3158 302 3219 Tuosveto
316 3158 456 3237 audiens,
482 3180 503 3223 o
523 3158 617 3231 Iolne,
634 3162 778 3242 gentitus,
804 3156 920 3241 egressu
1001 3208 1015 3254 f

121 3296 212 3373 Sum,
225 3316 288 3359 non
297 3295 377 3377 juffu
389 3298 501 3383 quidem
513 3301 698 3383 legationem
710 3301 795 3363 obire
812 3300 947 3381 generioe

123 3434 308 3523 Sedxtamen
321 3441 431 3523 aliquo
452 3440 545 3503 modo
560 3438 627 3503 sum
646 3442 776 3515 idoneam
802 3458 897 3501 curae
913 3439 997 3503 euiut

121 3578 202 3645 Mihi
214 3580 286 3649 sunt
296 3584 433 3651 maxime
445 3576 553 3648 fratres
565 3580 625 3656 isti,
652 3584 795 3645 etdeme
812 3578 873 3667 ipsa
