2467 4150
283 329 769 420 uun'ncrtunr„
815 327 903 448 ‘ssa'-
981 353 1030 449 ‚2⁸
1138 329 1142 334 ’

133 493 190 566 no
207 495 309 562 votens
326 495 422 564 hisce:
448 511 638 562 mactavere
654 515 721 562 uun
735 493 822 566 daha
852 591 859 596 Ι
972 532 976 540 v

133 621 291 723 impiet
612 616 616 624 '

131 777 222 855 Haec
236 796 291 844 tua
304 774 404 842 oratio
416 777 522 843 adhue
531 775 752 862 generaliorest
767 775 896 862 priorer

130 919 173 986 Et
192 919 241 984 illa
251 935 314 984 erat
325 921 462 1000 optima:
477 915 528 982 sed
539 916 660 1002 superas

132 1062 285 1128 Audacia
296 1057 466 1135 audaciam,
483 1057 628 1122 ethoram
639 1057 810 1123 orationem
824 1059 934 1139 bonai

132 1201 210 1270 Non
223 1220 325 1266 tamen
335 1198 447 1281 jubeo,
462 1215 517 1260 nec
529 1193 695 1280 prohibeo,
707 1214 730 1262 ο
741 1197 818 1278 filia,

132 1341 181 1408 Te
200 1338 358 1429 muri,sed
372 1338 510 1401 moriens
520 1336 642 1418 jurabis
654 1335 767 1403 fratrea
784 1359 866 1406 tuor.

134 1481 182 1548 M.
201 1482 362 1566 Sapienter
368 1478 478 1558 juber:
504 1495 544 1540 ne
557 1495 675 1541 metuas
688 1479 804 1561 piaculi

136 1621 204 1687 Mei
222 1623 377 1706 particeps
395 1619 480 1682 lierie
500 1616 550 1681 sed
569 1617 665 1680 libere
680 1620 804 1684 moriar.

136 1759 273 1844 Sequere
285 1781 369 1840 vero,
383 1759 493 1836 senen
510 1761 541 1822 in
556 1757 615 1822 tuis
626 1759 712 1822 enim
730 1761 875 1825 manibus
890 1758 969 1824 mori

134 1899 235 1966 Volo:
252 1883 390 1985 praesens
410 1921 484 1964 vero
503 1887 635 1964 restibus
649 1921 763 1985 corpus
780 1923 885 1966 meum
901 1919 984 1986 teger

135 2039 221 2130 Qria
232 2043 334 2135 raedis
350 2043 390 2105 ad
408 2039 506 2124 ipsum
520 2037 716 2105 formidabile
734 2045 844 2107 radam
862 2061 933 2126 ego,

135 2178 298 2265 Siquidem
318 2198 392 2247 nata
411 2182 475 2247 sum
489 2204 529 2247 ex
542 2180 587 2245 illo
603 2196 701 2267 patre,
713 2205 753 2246 ex
766 2202 831 2266 quo
844 2140 974 2266 glutior.

137 2320 164 2387 I.
183 2320 255 2385 Nou
269 2319 386 2405 pofl'em
404 2320 500 2387 adelse
513 2342 583 2385 tuae
597 2325 678 2389 neci.

136 2459 184 2527 Μ.
202 2454 258 2525 Tu
273 2482 348 2526 vero
367 2465 453 2527 hunc
471 2462 573 2525 saltem
588 2480 710 2544 rogato,
724 2486 761 2529 ne
774 2484 837 2551 ego
849 2464 882 2529 in
894 2466 1035 2531 virorum

143 2604 183 2667 At
202 2603 234 2665 in
252 2602 420 2667 mulierum
434 2604 576 2667 manibus
589 2600 691 2665 effiem
705 2608 851 2669 animam.

9 2772 18 2799 ι
138 2738 181 2807 D.
200 2741 319 2819 Italiet,
334 2763 355 2806 o
371 2740 474 2806 misera
488 2744 657 2825 virginum,
668 2747 742 2829 quia

139 2880 219 2945 Mihi
233 2902 361 2965 quoque
379 2882 443 2945 hoc
460 2880 525 2966 effer
539 2900 639 2967 turpe,
650 2898 755 2951 tenen
769 2886 894 2953 honeste
906 2904 1035 2962 ornare,

138 3022 270 3106 Propter
286 3022 395 3095 multa,
410 3038 441 3083 et
460 3014 583 3105 prepter
598 3026 837 3107 magnitudinem
856 3028 951 3089 animi
964 3026 1024 3100 tui,

137 3160 178 3227 Et
188 3163 350 3244 justitiam:
371 3150 573 3226 fortiffimam
590 3178 691 3226 autem
708 3181 741 3230 te

12 3322 34 3349 ¹·
140 3304 292 3369 Omnium
307 3302 468 3366 mulierum
480 3304 540 3365 vidi
556 3302 654 3367 oeulis
674 3306 763 3372 meis·

138 3442 237 3509 Sedli
254 3444 332 3527 quid
345 3446 416 3507 velis
434 3442 574 3511 holceet
591 3440 709 3519 senem,

140 3580 732 3670 libitoultimoalloquiorompellam.
