2467 4150
226 342 274 421 75
442 316 536 405 HJt
560 316 647 391 L.E
669 310 708 389 N
731 316 785 397 A·
836 310 934 405 4be

162 549 166 575 Ι
225 469 354 555 Ceperit
370 480 415 545 te,
430 486 514 531 mure
526 465 585 531 erit
597 466 651 529 tibi
663 467 734 531 loeo
751 464 925 531 xeniorum.
980 480 987 515 ³

224 608 381 673 Reneroia
392 606 476 671 enim
488 603 559 671 sum
576 604 708 714 Graecia
724 626 789 671 nou
802 622 952 691 qnantum
966 599 1093 689 asperos

224 748 393 816 Sermones
407 749 465 813 ribi
476 746 558 824 dedi,
570 748 683 810 timens
694 746 863 813 dominnm
875 764 979 831 meum.
1042 765 1044 769 ·

224 886 276 953 Μ.
287 884 498 973 Qiddinem?
507 887 722 971 quidloquari
731 867 857 987 miserae
865 886 949 951 enim
961 905 1132 975 aerumnna

227 1029 338 1095 Audio
346 1022 521 1113 praesentes
530 1026 631 1107 hasce,
644 1042 766 1115 praeter
777 1030 902 1114 priores.

225 1170 261 1237 si
278 1169 437 1235 adducent
448 1185 606 1255 receptam
624 1191 665 1234 ex
675 1170 772 1253 Tr0ja

226 1309 407 1395 Coningem
422 1310 527 1389 renio,
542 1326 574 1374 et
588 1311 622 1375 in
640 1326 735 1375 antro
745 1310 887 1391 servatur,

225 1413 444 1544 Nomionem
459 1448 544 1513 idem
559 1451 786 1534 habeus,quod
805 1472 875 1515 mea
891 1470 984 1530 uxor,

225 1588 345 1673 Aliqua
361 1588 430 1663 alia,
443 1592 476 1652 in
493 1590 539 1653 his
551 1590 668 1655 habitat
681 1592 818 1655 aedibus.

183 1741 190 1747 '
225 1728 319 1795 Dixit
332 1728 490 1815 proiecto,
501 1749 568 1794 eam
584 1728 756 1813 effefiliam
770 1732 879 1817 Jorir:
1010 1752 1014 1759 ·

224 1870 288 1935 Sed
299 1891 340 1933 an
353 1870 398 1933 est
412 1868 522 1953 aliquia
535 1870 608 1948 Vir,
619 1874 679 1956 ¹qui
689 1873 779 1937 habet
794 1894 906 1939 nomen
917 1872 1002 1957 Jovis

224 2012 279 2076 aa
293 1972 392 2098 apim
409 2002 498 2074 uuir
510 2012 646 2096 namqui
658 2012 690 2078 tn
701 2014 789 2079 cono
801 2014 857 2093 est,
875 2013 988 2085 aniana
1000 2013 1057 2090 en.

161 2243 167 2250 ,
222 2154 290 2218 Ubi
308 2117 387 2218 vero
398 2151 546 2218 terrarum
564 2151 608 2214 est
626 2151 749 2237 Sparta,
767 2153 823 2218 nist
840 2155 890 2218 ubi
907 2153 1026 2218 fluenta

221 2293 300 2358 Sunt
318 2293 467 2368 Eurotae,
479 2292 640 2392 qui-habet
657 2293 804 2376 pulchros
820 2295 952 2358 calamos
970 2295 1129 2382 tantumn?

221 2431 411 2496 Unnrnrero
419 2451 533 2496 nomeu
539 2402 701 2516 Tyndarei
710 2431 893 2500 celebratur?
903 2453 984 2518 quae
992 2448 1069 2500 uero
1082 2433 1133 2503 est‘

221 2573 335 2647 Terra,
345 2589 427 2655 quae
439 2572 521 2647 idem
535 2593 654 2636 nomen
668 2572 776 2636 habeat
792 2593 866 2638 cum
877 2573 1127 2654 Lacedaemone,

188 2789 195 2800 ἱ
220 2713 261 2778 Et
274 2711 397 2794 Troja?
412 2733 472 2796 ego
488 2727 568 2776 certe
586 2731 653 2775 nou
670 2715 772 2780 haben
789 2675 865 2798 onid
882 2715 996 2780 diram.

220 2852 318 2917 Multi
328 2853 424 2929 enim,
442 2867 481 2916 ut
491 2853 628 2927 videtur,
643 2853 674 2915 in
691 2853 814 2947 diverfia
827 2854 1006 2936 regionibus

221 2992 351 3062 Habent
367 2993 474 3058 eadem
489 2993 622 3068 nomina,
639 3006 669 3054 et
682 2991 784 3054 civitat
801 2967 875 3056 cunt
890 2993 1021 3070 ciuitate,

219 3133 259 3197 Et
273 3135 383 3198 mulier
399 3153 469 3196 cnm
487 3131 634 3195 muliere:
651 3149 716 3192 non
729 3131 769 3208 est
778 3131 876 3214 igitur·
886 3133 1087 3218 mirandunn

220 3273 335 3358 Neque
344 3269 451 3336 rursus
464 3267 618 3354 fugiemus
630 3269 760 3332 terribile
778 3267 853 3333 istud
868 3270 1044 3352 aJanitrice

220 3411 460 3482 Denunciatum.
468 3406 579 3472 Nullus
587 3405 671 3469 enirn
683 3408 730 3470 vir
739 3409 778 3490 est
789 3426 851 3472 tam
863 3410 996 3474 barbaro
1004 3412 1128 3492 auimo,

219 3549 282 3638 Qi
294 3551 403 3614 andito
419 3570 491 3614 meo
503 3551 640 3626 nomine,
652 3563 718 3612 non
735 3547 771 3612 stt
788 3546 910 3614 daturne
922 3551 1042 3616 eibum.
