2467 4150
338 335 666 419 nnnnun
729 322 827 443 „a
962 344 1012 423 n

109 489 268 561 uenum.
291 492 339 566 tt.
355 496 446 563 Haec
460 513 548 574 vtro,
562 512 723 581 quaerere
737 494 908 574 molienti,
925 491 1011 561 estne

110 634 184 701 Tua
200 636 345 719 conjnx?
370 636 422 703 M.
437 636 545 703 Haec:
556 636 655 699 verbis
668 632 727 701 ltoc
742 637 819 701 mei·
836 638 941 701 crede.

107 770 154 840 N.
172 774 205 838 θ
221 776 299 856 filit,
312 798 407 863 qim
418 779 502 843 vatia
514 777 671 863 quaedam
687 792 738 841 rec
749 776 794 841 est
810 774 910 854 Dens,

107 914 147 979 Et
159 918 314 999 conjectu,
328 916 476 994 difficilis,
489 914 579 983 facile
598 918 680 983 enim
701 934 811 996 mutat,

107 1014 184 1120 Huc
202 1072 234 1121 et
249 1055 329 1123 Illuc
346 1057 477 1124 verbus.
505 1059 588 1123 Nam
601 1058 656 1123 hic
669 1060 800 1145 quidem
813 1059 957 1138 laborat3

107 1194 233 1263 Contra
245 1218 322 1264 veto
333 1198 458 1283 illequi
476 1220 542 1265 non
558 1200 720 1279 laboravit,
744 1202 824 1284 perit
837 1200 927 1279 male,

107 1336 200 1405 Nihil
216 1300 333 1407 babent
347 1341 432 1403 firmi
449 1344 619 1406 continuae
636 1338 786 1419 fortunae,

105 1475 158 1545 Tu
173 1480 302 1546 enimet
320 1484 537 1548 maritustnus
549 1484 671 1549 laboret
683 1480 863 1547 sustinuistis
888 1562 892 1575 Ι

105 1614 158 1682 Τιι
170 1621 300 1703 quidem
311 1625 501 1703 rumoribus,
513 1623 565 1687 ille
578 1644 655 1687 veto
664 1624 820 1709 pugnandi
838 1622 1008 1705 alacritate,

104 1756 267 1825 laborans
282 1766 379 1843 enim,
405 1764 554 1849 quamdin
569 1764 741 1839 laborabat,
758 1763 836 1829 nihil
852 1760 993 1849 profecit.

78 1908 82 1914 '
104 1896 204 1965 Nunc
220 1918 295 1966 vero
306 1904 448 1987 prolicit,
471 1908 553 1971 ultro
568 1904 684 1970 babens
696 1904 853 1985 objectum
867 1906 1011 1979 maximea

104 2036 292 2126 Prosperam
309 2033 483 2110 fortunam.
515 2044 595 2110 Non
612 2047 708 2133 igitur
724 2060 844 2132 patrem
857 2042 973 2126 senem,

104 2179 148 2246 Et
163 2181 249 2264 Jovis
264 2185 344 2250 lilios
356 2185 567 2268 dedecorasti,
579 2209 680 2272 neque
698 2185 793 2252 ferilli
808 2185 912 2270 qualia
945 2197 949 2205 '

103 2319 280 2392 Dicuntur.
310 2325 404 2391 Nunc
420 2319 536 2390 renovo
552 2343 622 2390 tuas
634 2329 755 2412 nuptias
768 2319 896 2404 iterant,

104 2463 145 2532 Et
160 2467 291 2530 mentini
308 2464 421 2545 facum,
446 2487 525 2552 quat
542 2465 735 2552 quadrijugis

105 2604 205 2690 Equis
221 2626 350 2672 currens
365 2603 598 2690 praeferebam:
622 2623 656 2672 tu
672 2627 749 2676 vero
767 2610 800 2674 in
814 2601 914 2674 curru

103 2746 187 2812 Cum
201 2748 265 2810 linc
276 2745 593 2832 sponsarelinquebaa
608 2747 750 2816 foelicem
761 2749 904 2814 domum.

103 2887 273 2972 improbus
284 2891 367 2956 enim
379 2891 430 2972 est,
443 2855 499 2974 qui
512 2911 576 2956 non
589 2911 641 2954 res
655 2891 852 2956 dominorum
870 2887 981 2977 diligit,

102 3026 172 3094 Nec
185 3028 442 3114 congratulatur,
460 3049 519 3094 nec
536 3029 671 3128 advtrfis
685 3027 848 3096 condolet.

101 3169 172 3256 Ego
187 3169 315 3254 quidem
330 3169 397 3246 sam,
423 3183 454 3232 tt
467 3185 557 3233 natus
570 3167 636 3235 snm
652 3186 759 3264 tannen
777 3171 890 3250 l'ervus,

2 3322 6 3345 ·
96 3311 293 3376 Numeratu'a
310 3313 393 3374 inter
414 3309 583 3394 generosos

100 3451 227 3531 Servos,
244 3471 312 3515 non
331 3451 452 3516 liabent
465 3470 583 3514 nomen
596 3451 743 3528 liberum,

100 3591 165 3657 Sed
179 3609 334 3672 nentem:
360 3595 425 3659 hoc
441 3595 524 3660 enim
540 3591 646 3656 melius
660 3592 709 3672 'stu
729 3611 823 3676 quam
837 3593 899 3658 duo
911 3589 990 3654 mala

153 3748 253 3796 rota.
280 3751 369 3800 unt.
596 3729 629 3794 Y
687 3752 690 3758 ·
